@Manual{R-base,
  title = {R: A Language and Environment for Statistical Computing},
  author = {{R Core Team}},
  organization = {R Foundation for Statistical Computing},
  address = {Vienna, Austria},
  year = {2017},
  url = {https://www.R-project.org/},
}
@unpublished{rigby2017distributions,
  title={Distributions for modelling location, scale, and shape: Using {GAMLSS} in {R}. {Unpublished} draft},
  author={Rigby, Robert and Stasinopoulos, Mikis and Heller, Gillian and De Bastiani, Fernanda},
  year={2017},
  url={gamlss.com/books-articles}
}
@incollection{coxe2013generalized,
  author={Coxe, Stefany and West, Stephen G and Aiken, Leona S},
  title={Generalized linear models},
  editor={Little, Todd D},
  booktitle={The {Oxford} handbook of quantitative methods, volume 2},
  publisher={Oxford University Press},
  address={New York, NY},
  year={2013},
  pages={26--51},
  chapter={3},
}
@article{ferrari2004beta,
  title={Beta regression for modelling rates and proportions},
  author={Ferrari, Silvia and Cribari-Neto, Francisco},
  journal={Journal of Applied Statistics},
  volume={31},
  number={7},
  pages={799--815},
  year={2004}
}
@article{buntaine2011does,
  title={Does the {Asian Development Bank} respond to past environmental performance when allocating environmentally risky financing?},
  author={Buntaine, Mark T},
  journal={World Development},
  volume={39},
  number={3},
  pages={336--350},
  year={2011}
}
@article{eskelson2011estimating,
  title={Estimating riparian understory vegetation cover with beta regression and copula models},
  author={Eskelson, Bianca NI and Madsen, Lisa and Hagar, Joan C and Temesgen, Hailemariam},
  journal={Forest Science},
  volume={57},
  number={3},
  pages={212--221},
  year={2011}
}
@article{gallardo2012analysis,
  title={Analysis of collection systems for sorted household waste in {Spain}},
  author={Gallardo, Antonio and Bovea, Mar{\'\i}a D and Colomer, Francisco J and Prades, M{\'\i}riam},
  journal={Waste Management},
  volume={32},
  number={9},
  pages={1623--1633},
  year={2012}
}
@article{hubben2008societal,
  title={The societal burden of {HIV/AIDS} in {Northern Italy}: an analysis of costs and quality of life},
  author={Hubben, Gijs Antoon Adriaan and Bishai, David and Pechlivanoglou, Petros and Cattelan, Anna Maria and Grisetti, Roberta and Facchin, Chiara and Compostella, FA and Bos, JM and Postma, MJ and Tramarin, A},
  journal={AIDS care},
  volume={20},
  number={4},
  pages={449--455},
  year={2008}
}
@article{peplonska2012rotating,
  title={Rotating night shift work and mammographic density},
  author={Peplonska, Beata and Bukowska, Agnieszka and Sobala, Wojciech and Reszka, Edyta and Gromadzi{\'n}ska, Jolanta and Wasowicz, Wojciech and Lie, Jenny Anne and Kjuus, Helge and Ursin, Giske},
  journal={Cancer, Epidemiology, Biomarkers, \& Prevention},
  volume={21},
  number={7},
  pages={1028--1037},
  year={2012}
}
@book{smithson2013generalized,
  title={Generalized linear models for categorical and continuous limited dependent variables},
  author={Smithson, Michael and Merkle, Edgar C},
  year={2013},
  address={Boca Raton, FL},
  publisher={CRC Press}
}
@article{mcbee2010modeling,
  title={Modeling outcomes with floor or ceiling effects: An introduction to the Tobit model},
  author={McBee, Matthew},
  journal={Gifted Child Quarterly},
  volume={54},
  number={4},
  pages={314--320},
  year={2010}
}
@Manual{carlevaro2016multiple,
  title = {Multiple hurdle {Tobit} models in {R}: The mhurdle package},
  author={Carlevaro, Fabrizio and Croissant, Yves and Hoareau, St{\'e}phane},
  year = {2017},
  url = {https://cran.r-project.org/web/packages/mhurdle/vignettes/mhurdle.pdf},
}
@book{wooldridge2010econometric,
  title={Econometric analysis of cross section and panel data},
  author={Wooldridge, Jeffrey M},
  year={2010},
  publisher={MIT press},
  address={Cambridge, MA},
}
@article{cragg1971some,
  title={Some statistical models for limited dependent variables with application to the demand for durable goods},
  author={Cragg, John G},
  journal={Econometrica: Journal of the Econometric Society},
  pages={829--844},
  year={1971}
}
@book{cameron2005microeconometrics,
  title={Microeconometrics: methods and applications},
  author={Cameron, A Colin and Trivedi, Pravin K},
  year={2005},
  publisher={Cambridge university press},
  address={New York, NY}
}
@book{everitt2002cambridge,
  title={The Cambridge dictionary of statistics},
  author={Everitt, Brian and Skrondal, Anders},
  year={2010},
  publisher={Cambridge University Press},
  address={New York, NY}
}
